[gd_scene load_steps=2 format=2]

[ext_resource path="res://Feed/FluidEditor.gd" type="Script" id=1]

[node name="FluidEditor" type="Container" index="0"]

anchor_left = 0.0
anchor_top = 0.0
anchor_right = 0.0
anchor_bottom = 0.0
margin_left = 251.0
margin_top = 57.0
margin_right = 432.0
margin_bottom = 458.0
rect_pivot_offset = Vector2( 0, 0 )
rect_clip_content = false
mouse_filter = 0
mouse_default_cursor_shape = 0
size_flags_horizontal = 3
size_flags_vertical = 3
script = ExtResource( 1 )
_sections_unfolded = [ "Size Flags" ]

[node name="VBoxContainer" type="VBoxContainer" parent="." index="0"]

anchor_left = 0.0
anchor_top = 0.0
anchor_right = 1.0
anchor_bottom = 1.0
margin_bottom = -5.0
rect_pivot_offset = Vector2( 0, 0 )
rect_clip_content = false
mouse_filter = 1
mouse_default_cursor_shape = 0
size_flags_horizontal = 3
size_flags_vertical = 3
alignment = 0
_sections_unfolded = [ "Anchor", "Margin", "Size Flags" ]

[node name="Title" type="Label" parent="VBoxContainer" index="0"]

anchor_left = 0.0
anchor_top = 0.0
anchor_right = 0.0
anchor_bottom = 0.0
margin_right = 181.0
margin_bottom = 14.0
rect_pivot_offset = Vector2( 0, 0 )
rect_clip_content = false
mouse_filter = 2
mouse_default_cursor_shape = 0
size_flags_horizontal = 1
size_flags_vertical = 4
align = 1
percent_visible = 1.0
lines_skipped = 0
max_lines_visible = -1
_sections_unfolded = [ "Anchor", "Margin", "custom_colors" ]

[node name="GridContainer" type="GridContainer" parent="VBoxContainer" index="1"]

anchor_left = 0.0
anchor_top = 0.0
anchor_right = 0.0
anchor_bottom = 0.0
margin_top = 18.0
margin_right = 181.0
margin_bottom = 350.0
rect_pivot_offset = Vector2( 0, 0 )
rect_clip_content = false
mouse_filter = 1
mouse_default_cursor_shape = 0
size_flags_horizontal = 3
size_flags_vertical = 3
columns = 3
_sections_unfolded = [ "Anchor", "Margin", "Size Flags" ]

[node name="VolumeLabel" type="Label" parent="VBoxContainer/GridContainer" index="0"]

anchor_left = 0.0
anchor_top = 0.0
anchor_right = 0.0
anchor_bottom = 0.0
margin_top = 5.0
margin_right = 74.0
margin_bottom = 19.0
rect_pivot_offset = Vector2( 0, 0 )
rect_clip_content = false
mouse_filter = 2
mouse_default_cursor_shape = 0
size_flags_horizontal = 1
size_flags_vertical = 4
text = "Volume"
percent_visible = 1.0
lines_skipped = 0
max_lines_visible = -1
_sections_unfolded = [ "Anchor", "Margin", "custom_colors" ]

[node name="volume_ml" type="LineEdit" parent="VBoxContainer/GridContainer" index="1"]

anchor_left = 0.0
anchor_top = 0.0
anchor_right = 0.0
anchor_bottom = 0.0
margin_left = 78.0
margin_right = 139.0
margin_bottom = 24.0
rect_pivot_offset = Vector2( 0, 0 )
rect_clip_content = false
focus_mode = 2
mouse_filter = 0
mouse_default_cursor_shape = 1
size_flags_horizontal = 3
size_flags_vertical = 1
focus_mode = 2
context_menu_enabled = true
placeholder_alpha = 0.6
caret_blink = true
caret_blink_speed = 0.65
caret_position = 0
_sections_unfolded = [ "Margin", "Placeholder", "Size Flags" ]

[node name="VolumeUnits" type="Label" parent="VBoxContainer/GridContainer" index="2"]

anchor_left = 0.0
anchor_top = 0.0
anchor_right = 0.0
anchor_bottom = 0.0
margin_left = 143.0
margin_top = 5.0
margin_right = 181.0
margin_bottom = 19.0
rect_pivot_offset = Vector2( 0, 0 )
rect_clip_content = false
mouse_filter = 2
mouse_default_cursor_shape = 0
size_flags_horizontal = 1
size_flags_vertical = 4
text = "ml"
percent_visible = 1.0
lines_skipped = 0
max_lines_visible = -1
_sections_unfolded = [ "Anchor", "Margin", "custom_colors" ]

[node name="ProtidesLabel" type="Label" parent="VBoxContainer/GridContainer" index="3"]

anchor_left = 0.0
anchor_top = 0.0
anchor_right = 0.0
anchor_bottom = 0.0
margin_top = 33.0
margin_right = 74.0
margin_bottom = 47.0
rect_pivot_offset = Vector2( 0, 0 )
rect_clip_content = false
mouse_filter = 2
mouse_default_cursor_shape = 0
size_flags_horizontal = 1
size_flags_vertical = 4
text = "Protides"
percent_visible = 1.0
lines_skipped = 0
max_lines_visible = -1
_sections_unfolded = [ "Anchor", "Margin" ]

[node name="protide_g" type="LineEdit" parent="VBoxContainer/GridContainer" index="4"]

anchor_left = 0.0
anchor_top = 0.0
anchor_right = 0.0
anchor_bottom = 0.0
margin_left = 78.0
margin_top = 28.0
margin_right = 139.0
margin_bottom = 52.0
rect_pivot_offset = Vector2( 0, 0 )
rect_clip_content = false
focus_mode = 2
mouse_filter = 0
mouse_default_cursor_shape = 1
size_flags_horizontal = 3
size_flags_vertical = 1
focus_mode = 2
context_menu_enabled = true
placeholder_alpha = 0.6
caret_blink = true
caret_blink_speed = 0.65
caret_position = 0
_sections_unfolded = [ "Margin", "Size Flags" ]

[node name="ProtidesUnits" type="Label" parent="VBoxContainer/GridContainer" index="5"]

anchor_left = 0.0
anchor_top = 0.0
anchor_right = 0.0
anchor_bottom = 0.0
margin_left = 143.0
margin_top = 33.0
margin_right = 181.0
margin_bottom = 47.0
rect_pivot_offset = Vector2( 0, 0 )
rect_clip_content = false
mouse_filter = 2
mouse_default_cursor_shape = 0
size_flags_horizontal = 1
size_flags_vertical = 4
text = "g"
percent_visible = 1.0
lines_skipped = 0
max_lines_visible = -1
_sections_unfolded = [ "Anchor", "Margin" ]

[node name="NitrogenLabel" type="Label" parent="VBoxContainer/GridContainer" index="6"]

anchor_left = 0.0
anchor_top = 0.0
anchor_right = 0.0
anchor_bottom = 0.0
margin_top = 61.0
margin_right = 74.0
margin_bottom = 75.0
rect_pivot_offset = Vector2( 0, 0 )
rect_clip_content = false
mouse_filter = 2
mouse_default_cursor_shape = 0
size_flags_horizontal = 1
size_flags_vertical = 4
text = "Azote"
percent_visible = 1.0
lines_skipped = 0
max_lines_visible = -1
_sections_unfolded = [ "Anchor", "Margin" ]

[node name="nitrogen_g" type="LineEdit" parent="VBoxContainer/GridContainer" index="7"]

anchor_left = 0.0
anchor_top = 0.0
anchor_right = 0.0
anchor_bottom = 0.0
margin_left = 78.0
margin_top = 56.0
margin_right = 139.0
margin_bottom = 80.0
rect_pivot_offset = Vector2( 0, 0 )
rect_clip_content = false
hint_tooltip = "JJ/MM/AAAA"
focus_mode = 2
mouse_filter = 0
mouse_default_cursor_shape = 1
size_flags_horizontal = 3
size_flags_vertical = 1
max_length = 10
focus_mode = 2
context_menu_enabled = true
placeholder_alpha = 0.5
caret_blink = true
caret_blink_speed = 0.65
caret_position = 0
_sections_unfolded = [ "Caret", "Hint", "Margin", "Placeholder", "Size Flags" ]

[node name="NitrogenUnits" type="Label" parent="VBoxContainer/GridContainer" index="8"]

anchor_left = 0.0
anchor_top = 0.0
anchor_right = 0.0
anchor_bottom = 0.0
margin_left = 143.0
margin_top = 61.0
margin_right = 181.0
margin_bottom = 75.0
rect_pivot_offset = Vector2( 0, 0 )
rect_clip_content = false
mouse_filter = 2
mouse_default_cursor_shape = 0
size_flags_horizontal = 1
size_flags_vertical = 4
text = "g"
percent_visible = 1.0
lines_skipped = 0
max_lines_visible = -1
_sections_unfolded = [ "Anchor", "Margin" ]

[node name="CarbohydrateLabel" type="Label" parent="VBoxContainer/GridContainer" index="9"]

anchor_left = 0.0
anchor_top = 0.0
anchor_right = 0.0
anchor_bottom = 0.0
margin_top = 89.0
margin_right = 74.0
margin_bottom = 103.0
rect_pivot_offset = Vector2( 0, 0 )
rect_clip_content = false
hint_tooltip = "En Kg"
mouse_filter = 2
mouse_default_cursor_shape = 0
size_flags_horizontal = 1
size_flags_vertical = 4
text = "Glucides"
percent_visible = 1.0
lines_skipped = 0
max_lines_visible = -1
_sections_unfolded = [ "Anchor", "Hint", "Margin" ]

[node name="carbohydrate_g" type="LineEdit" parent="VBoxContainer/GridContainer" index="10"]

anchor_left = 0.0
anchor_top = 0.0
anchor_right = 0.0
anchor_bottom = 0.0
margin_left = 78.0
margin_top = 84.0
margin_right = 139.0
margin_bottom = 108.0
rect_pivot_offset = Vector2( 0, 0 )
rect_clip_content = false
focus_mode = 2
mouse_filter = 0
mouse_default_cursor_shape = 1
size_flags_horizontal = 3
size_flags_vertical = 1
focus_mode = 2
context_menu_enabled = true
placeholder_alpha = 0.5
caret_blink = true
caret_blink_speed = 0.65
caret_position = 0
_sections_unfolded = [ "Margin", "Placeholder", "Size Flags" ]

[node name="CarbohydrateUnits" type="Label" parent="VBoxContainer/GridContainer" index="11"]

anchor_left = 0.0
anchor_top = 0.0
anchor_right = 0.0
anchor_bottom = 0.0
margin_left = 143.0
margin_top = 89.0
margin_right = 181.0
margin_bottom = 103.0
rect_pivot_offset = Vector2( 0, 0 )
rect_clip_content = false
hint_tooltip = "En Kg"
mouse_filter = 2
mouse_default_cursor_shape = 0
size_flags_horizontal = 1
size_flags_vertical = 4
text = "g"
percent_visible = 1.0
lines_skipped = 0
max_lines_visible = -1
_sections_unfolded = [ "Anchor", "Hint", "Margin" ]

[node name="LipidesLabel" type="Label" parent="VBoxContainer/GridContainer" index="12"]

anchor_left = 0.0
anchor_top = 0.0
anchor_right = 0.0
anchor_bottom = 0.0
margin_top = 117.0
margin_right = 74.0
margin_bottom = 131.0
rect_pivot_offset = Vector2( 0, 0 )
rect_clip_content = false
hint_tooltip = "En Kg"
mouse_filter = 2
mouse_default_cursor_shape = 0
size_flags_horizontal = 1
size_flags_vertical = 4
text = "Lipides"
percent_visible = 1.0
lines_skipped = 0
max_lines_visible = -1
_sections_unfolded = [ "Anchor", "Hint", "Margin" ]

[node name="lipides_g" type="LineEdit" parent="VBoxContainer/GridContainer" index="13"]

anchor_left = 0.0
anchor_top = 0.0
anchor_right = 0.0
anchor_bottom = 0.0
margin_left = 78.0
margin_top = 112.0
margin_right = 139.0
margin_bottom = 136.0
rect_pivot_offset = Vector2( 0, 0 )
rect_clip_content = false
focus_mode = 2
mouse_filter = 0
mouse_default_cursor_shape = 1
size_flags_horizontal = 3
size_flags_vertical = 1
focus_mode = 2
context_menu_enabled = true
placeholder_alpha = 0.5
caret_blink = true
caret_blink_speed = 0.65
caret_position = 0
_sections_unfolded = [ "Margin", "Placeholder", "Size Flags" ]

[node name="LipidesUnits" type="Label" parent="VBoxContainer/GridContainer" index="14"]

anchor_left = 0.0
anchor_top = 0.0
anchor_right = 0.0
anchor_bottom = 0.0
margin_left = 143.0
margin_top = 117.0
margin_right = 181.0
margin_bottom = 131.0
rect_pivot_offset = Vector2( 0, 0 )
rect_clip_content = false
hint_tooltip = "En Kg"
mouse_filter = 2
mouse_default_cursor_shape = 0
size_flags_horizontal = 1
size_flags_vertical = 4
text = "g"
percent_visible = 1.0
lines_skipped = 0
max_lines_visible = -1
_sections_unfolded = [ "Anchor", "Hint", "Margin" ]

[node name="CaloriesLabel" type="Label" parent="VBoxContainer/GridContainer" index="15"]

anchor_left = 0.0
anchor_top = 0.0
anchor_right = 0.0
anchor_bottom = 0.0
margin_top = 145.0
margin_right = 74.0
margin_bottom = 159.0
rect_pivot_offset = Vector2( 0, 0 )
rect_clip_content = false
hint_tooltip = "En Kg"
mouse_filter = 2
mouse_default_cursor_shape = 0
size_flags_horizontal = 1
size_flags_vertical = 4
text = "Calories"
percent_visible = 1.0
lines_skipped = 0
max_lines_visible = -1
_sections_unfolded = [ "Anchor", "Hint", "Margin" ]

[node name="total_calories_kcal" type="LineEdit" parent="VBoxContainer/GridContainer" index="16"]

anchor_left = 0.0
anchor_top = 0.0
anchor_right = 0.0
anchor_bottom = 0.0
margin_left = 78.0
margin_top = 140.0
margin_right = 139.0
margin_bottom = 164.0
rect_pivot_offset = Vector2( 0, 0 )
rect_clip_content = false
focus_mode = 2
mouse_filter = 0
mouse_default_cursor_shape = 1
size_flags_horizontal = 3
size_flags_vertical = 1
focus_mode = 2
context_menu_enabled = true
placeholder_alpha = 0.5
caret_blink = true
caret_blink_speed = 0.65
caret_position = 0
_sections_unfolded = [ "Margin", "Placeholder", "Size Flags" ]

[node name="TotalCaloriesUnits" type="Label" parent="VBoxContainer/GridContainer" index="17"]

anchor_left = 0.0
anchor_top = 0.0
anchor_right = 0.0
anchor_bottom = 0.0
margin_left = 143.0
margin_top = 145.0
margin_right = 181.0
margin_bottom = 159.0
rect_pivot_offset = Vector2( 0, 0 )
rect_clip_content = false
hint_tooltip = "En Kg"
mouse_filter = 2
mouse_default_cursor_shape = 0
size_flags_horizontal = 1
size_flags_vertical = 4
text = "Kcal"
percent_visible = 1.0
lines_skipped = 0
max_lines_visible = -1
_sections_unfolded = [ "Anchor", "Hint", "Margin" ]

[node name="SodiumLabel" type="Label" parent="VBoxContainer/GridContainer" index="18"]

anchor_left = 0.0
anchor_top = 0.0
anchor_right = 0.0
anchor_bottom = 0.0
margin_top = 173.0
margin_right = 74.0
margin_bottom = 187.0
rect_pivot_offset = Vector2( 0, 0 )
rect_clip_content = false
hint_tooltip = "En Kg"
mouse_filter = 2
mouse_default_cursor_shape = 0
size_flags_horizontal = 1
size_flags_vertical = 4
text = "Sodium"
percent_visible = 1.0
lines_skipped = 0
max_lines_visible = -1
_sections_unfolded = [ "Anchor", "Hint", "Margin" ]

[node name="sodium_meq" type="LineEdit" parent="VBoxContainer/GridContainer" index="19"]

anchor_left = 0.0
anchor_top = 0.0
anchor_right = 0.0
anchor_bottom = 0.0
margin_left = 78.0
margin_top = 168.0
margin_right = 139.0
margin_bottom = 192.0
rect_pivot_offset = Vector2( 0, 0 )
rect_clip_content = false
focus_mode = 2
mouse_filter = 0
mouse_default_cursor_shape = 1
size_flags_horizontal = 3
size_flags_vertical = 1
focus_mode = 2
context_menu_enabled = true
placeholder_alpha = 0.5
caret_blink = true
caret_blink_speed = 0.65
caret_position = 0
_sections_unfolded = [ "Margin", "Placeholder", "Size Flags" ]

[node name="SodiumUnits" type="Label" parent="VBoxContainer/GridContainer" index="20"]

anchor_left = 0.0
anchor_top = 0.0
anchor_right = 0.0
anchor_bottom = 0.0
margin_left = 143.0
margin_top = 173.0
margin_right = 181.0
margin_bottom = 187.0
rect_pivot_offset = Vector2( 0, 0 )
rect_clip_content = false
hint_tooltip = "En Kg"
mouse_filter = 2
mouse_default_cursor_shape = 0
size_flags_horizontal = 1
size_flags_vertical = 4
text = "mEq"
percent_visible = 1.0
lines_skipped = 0
max_lines_visible = -1
_sections_unfolded = [ "Anchor", "Hint", "Margin" ]

[node name="PotassiumLabel" type="Label" parent="VBoxContainer/GridContainer" index="21"]

anchor_left = 0.0
anchor_top = 0.0
anchor_right = 0.0
anchor_bottom = 0.0
margin_top = 201.0
margin_right = 74.0
margin_bottom = 215.0
rect_pivot_offset = Vector2( 0, 0 )
rect_clip_content = false
hint_tooltip = "En Kg"
mouse_filter = 2
mouse_default_cursor_shape = 0
size_flags_horizontal = 1
size_flags_vertical = 4
text = "Potassium"
percent_visible = 1.0
lines_skipped = 0
max_lines_visible = -1
_sections_unfolded = [ "Anchor", "Hint", "Margin" ]

[node name="potassium_meq" type="LineEdit" parent="VBoxContainer/GridContainer" index="22"]

anchor_left = 0.0
anchor_top = 0.0
anchor_right = 0.0
anchor_bottom = 0.0
margin_left = 78.0
margin_top = 196.0
margin_right = 139.0
margin_bottom = 220.0
rect_pivot_offset = Vector2( 0, 0 )
rect_clip_content = false
focus_mode = 2
mouse_filter = 0
mouse_default_cursor_shape = 1
size_flags_horizontal = 3
size_flags_vertical = 1
focus_mode = 2
context_menu_enabled = true
placeholder_alpha = 0.5
caret_blink = true
caret_blink_speed = 0.65
caret_position = 0
_sections_unfolded = [ "Margin", "Placeholder", "Size Flags" ]

[node name="PotassiumUnits" type="Label" parent="VBoxContainer/GridContainer" index="23"]

anchor_left = 0.0
anchor_top = 0.0
anchor_right = 0.0
anchor_bottom = 0.0
margin_left = 143.0
margin_top = 201.0
margin_right = 181.0
margin_bottom = 215.0
rect_pivot_offset = Vector2( 0, 0 )
rect_clip_content = false
hint_tooltip = "En Kg"
mouse_filter = 2
mouse_default_cursor_shape = 0
size_flags_horizontal = 1
size_flags_vertical = 4
text = "mEq"
percent_visible = 1.0
lines_skipped = 0
max_lines_visible = -1
_sections_unfolded = [ "Anchor", "Hint", "Margin" ]

[node name="CalciumLabel" type="Label" parent="VBoxContainer/GridContainer" index="24"]

anchor_left = 0.0
anchor_top = 0.0
anchor_right = 0.0
anchor_bottom = 0.0
margin_top = 229.0
margin_right = 74.0
margin_bottom = 243.0
rect_pivot_offset = Vector2( 0, 0 )
rect_clip_content = false
hint_tooltip = "En Kg"
mouse_filter = 2
mouse_default_cursor_shape = 0
size_flags_horizontal = 1
size_flags_vertical = 4
text = "Calcium"
percent_visible = 1.0
lines_skipped = 0
max_lines_visible = -1
_sections_unfolded = [ "Anchor", "Hint", "Margin" ]

[node name="calcium_mg" type="LineEdit" parent="VBoxContainer/GridContainer" index="25"]

anchor_left = 0.0
anchor_top = 0.0
anchor_right = 0.0
anchor_bottom = 0.0
margin_left = 78.0
margin_top = 224.0
margin_right = 139.0
margin_bottom = 248.0
rect_pivot_offset = Vector2( 0, 0 )
rect_clip_content = false
focus_mode = 2
mouse_filter = 0
mouse_default_cursor_shape = 1
size_flags_horizontal = 3
size_flags_vertical = 1
focus_mode = 2
context_menu_enabled = true
placeholder_alpha = 0.5
caret_blink = true
caret_blink_speed = 0.65
caret_position = 0
_sections_unfolded = [ "Margin", "Placeholder", "Size Flags" ]

[node name="CalciumUnits" type="Label" parent="VBoxContainer/GridContainer" index="26"]

anchor_left = 0.0
anchor_top = 0.0
anchor_right = 0.0
anchor_bottom = 0.0
margin_left = 143.0
margin_top = 229.0
margin_right = 181.0
margin_bottom = 243.0
rect_pivot_offset = Vector2( 0, 0 )
rect_clip_content = false
hint_tooltip = "En Kg"
mouse_filter = 2
mouse_default_cursor_shape = 0
size_flags_horizontal = 1
size_flags_vertical = 4
text = "mg"
percent_visible = 1.0
lines_skipped = 0
max_lines_visible = -1
_sections_unfolded = [ "Anchor", "Hint", "Margin" ]

[node name="MagnesiumLabel" type="Label" parent="VBoxContainer/GridContainer" index="27"]

anchor_left = 0.0
anchor_top = 0.0
anchor_right = 0.0
anchor_bottom = 0.0
margin_top = 257.0
margin_right = 74.0
margin_bottom = 271.0
rect_pivot_offset = Vector2( 0, 0 )
rect_clip_content = false
hint_tooltip = "En Kg"
mouse_filter = 2
mouse_default_cursor_shape = 0
size_flags_horizontal = 1
size_flags_vertical = 4
text = "Magnésium"
percent_visible = 1.0
lines_skipped = 0
max_lines_visible = -1
_sections_unfolded = [ "Anchor", "Hint", "Margin" ]

[node name="magnesium_mmol" type="LineEdit" parent="VBoxContainer/GridContainer" index="28"]

anchor_left = 0.0
anchor_top = 0.0
anchor_right = 0.0
anchor_bottom = 0.0
margin_left = 78.0
margin_top = 252.0
margin_right = 139.0
margin_bottom = 276.0
rect_pivot_offset = Vector2( 0, 0 )
rect_clip_content = false
focus_mode = 2
mouse_filter = 0
mouse_default_cursor_shape = 1
size_flags_horizontal = 3
size_flags_vertical = 1
focus_mode = 2
context_menu_enabled = true
placeholder_alpha = 0.5
caret_blink = true
caret_blink_speed = 0.65
caret_position = 0
_sections_unfolded = [ "Margin", "Placeholder", "Size Flags" ]

[node name="MagnesiumUnits" type="Label" parent="VBoxContainer/GridContainer" index="29"]

anchor_left = 0.0
anchor_top = 0.0
anchor_right = 0.0
anchor_bottom = 0.0
margin_left = 143.0
margin_top = 257.0
margin_right = 181.0
margin_bottom = 271.0
rect_pivot_offset = Vector2( 0, 0 )
rect_clip_content = false
hint_tooltip = "En Kg"
mouse_filter = 2
mouse_default_cursor_shape = 0
size_flags_horizontal = 1
size_flags_vertical = 4
text = "mmol"
percent_visible = 1.0
lines_skipped = 0
max_lines_visible = -1
_sections_unfolded = [ "Anchor", "Hint", "Margin" ]

[node name="ChlorideLabel" type="Label" parent="VBoxContainer/GridContainer" index="30"]

anchor_left = 0.0
anchor_top = 0.0
anchor_right = 0.0
anchor_bottom = 0.0
margin_top = 285.0
margin_right = 74.0
margin_bottom = 299.0
rect_pivot_offset = Vector2( 0, 0 )
rect_clip_content = false
hint_tooltip = "En Kg"
mouse_filter = 2
mouse_default_cursor_shape = 0
size_flags_horizontal = 1
size_flags_vertical = 4
text = "Chlorure"
percent_visible = 1.0
lines_skipped = 0
max_lines_visible = -1
_sections_unfolded = [ "Anchor", "Hint", "Margin" ]

[node name="chloride_mmol" type="LineEdit" parent="VBoxContainer/GridContainer" index="31"]

anchor_left = 0.0
anchor_top = 0.0
anchor_right = 0.0
anchor_bottom = 0.0
margin_left = 78.0
margin_top = 280.0
margin_right = 139.0
margin_bottom = 304.0
rect_pivot_offset = Vector2( 0, 0 )
rect_clip_content = false
focus_mode = 2
mouse_filter = 0
mouse_default_cursor_shape = 1
size_flags_horizontal = 3
size_flags_vertical = 1
focus_mode = 2
context_menu_enabled = true
placeholder_alpha = 0.5
caret_blink = true
caret_blink_speed = 0.65
caret_position = 0
_sections_unfolded = [ "Margin", "Placeholder", "Size Flags" ]

[node name="ChlorideUnits" type="Label" parent="VBoxContainer/GridContainer" index="32"]

anchor_left = 0.0
anchor_top = 0.0
anchor_right = 0.0
anchor_bottom = 0.0
margin_left = 143.0
margin_top = 285.0
margin_right = 181.0
margin_bottom = 299.0
rect_pivot_offset = Vector2( 0, 0 )
rect_clip_content = false
hint_tooltip = "En Kg"
mouse_filter = 2
mouse_default_cursor_shape = 0
size_flags_horizontal = 1
size_flags_vertical = 4
text = "mmol"
percent_visible = 1.0
lines_skipped = 0
max_lines_visible = -1
_sections_unfolded = [ "Anchor", "Hint", "Margin" ]

[node name="PhosphorusLabel" type="Label" parent="VBoxContainer/GridContainer" index="33"]

anchor_left = 0.0
anchor_top = 0.0
anchor_right = 0.0
anchor_bottom = 0.0
margin_top = 313.0
margin_right = 74.0
margin_bottom = 327.0
rect_pivot_offset = Vector2( 0, 0 )
rect_clip_content = false
hint_tooltip = "En Kg"
mouse_filter = 2
mouse_default_cursor_shape = 0
size_flags_horizontal = 1
size_flags_vertical = 4
text = "Phosphore"
percent_visible = 1.0
lines_skipped = 0
max_lines_visible = -1
_sections_unfolded = [ "Anchor", "Hint", "Margin" ]

[node name="phosphorus_mg" type="LineEdit" parent="VBoxContainer/GridContainer" index="34"]

anchor_left = 0.0
anchor_top = 0.0
anchor_right = 0.0
anchor_bottom = 0.0
margin_left = 78.0
margin_top = 308.0
margin_right = 139.0
margin_bottom = 332.0
rect_pivot_offset = Vector2( 0, 0 )
rect_clip_content = false
focus_mode = 2
mouse_filter = 0
mouse_default_cursor_shape = 1
size_flags_horizontal = 3
size_flags_vertical = 1
focus_mode = 2
context_menu_enabled = true
placeholder_alpha = 0.5
caret_blink = true
caret_blink_speed = 0.65
caret_position = 0
_sections_unfolded = [ "Margin", "Placeholder", "Size Flags" ]

[node name="PhosphorusUnits" type="Label" parent="VBoxContainer/GridContainer" index="35"]

anchor_left = 0.0
anchor_top = 0.0
anchor_right = 0.0
anchor_bottom = 0.0
margin_left = 143.0
margin_top = 313.0
margin_right = 181.0
margin_bottom = 327.0
rect_pivot_offset = Vector2( 0, 0 )
rect_clip_content = false
hint_tooltip = "En Kg"
mouse_filter = 2
mouse_default_cursor_shape = 0
size_flags_horizontal = 1
size_flags_vertical = 4
text = "mg"
percent_visible = 1.0
lines_skipped = 0
max_lines_visible = -1
_sections_unfolded = [ "Anchor", "Hint", "Margin" ]

[node name="CenterContainer" type="CenterContainer" parent="VBoxContainer" index="2"]

anchor_left = 0.0
anchor_top = 0.0
anchor_right = 0.0
anchor_bottom = 0.0
margin_top = 354.0
margin_right = 181.0
margin_bottom = 396.0
rect_pivot_offset = Vector2( 0, 0 )
rect_clip_content = false
mouse_filter = 0
mouse_default_cursor_shape = 0
size_flags_horizontal = 3
size_flags_vertical = 3
use_top_left = false
_sections_unfolded = [ "Anchor", "Margin", "Size Flags" ]

[node name="ValidateButton" type="Button" parent="VBoxContainer/CenterContainer" index="0"]

anchor_left = 0.0
anchor_top = 0.0
anchor_right = 0.0
anchor_bottom = 0.0
margin_left = 49.0
margin_top = 11.0
margin_right = 132.0
margin_bottom = 31.0
rect_pivot_offset = Vector2( 0, 0 )
rect_clip_content = false
focus_mode = 2
mouse_filter = 0
mouse_default_cursor_shape = 0
size_flags_horizontal = 1
size_flags_vertical = 1
toggle_mode = false
enabled_focus_mode = 2
shortcut = null
group = null
text = "Mise à jour"
flat = false
align = 1
_sections_unfolded = [ "Anchor", "Grow Direction", "Margin", "Size Flags" ]


