[gd_resource type="Theme" load_steps=6 format=2]

[ext_resource path="res://Assets/flat_style.tres" type="StyleBox" id=1]
[ext_resource path="res://Assets/separator_style.tres" type="StyleBox" id=2]
[ext_resource path="res://Assets/edit_style.tres" type="StyleBox" id=3]
[ext_resource path="res://Assets/popup_menu_style.tres" type="StyleBox" id=4]
[ext_resource path="res://Assets/popup_window_style.tres" type="StyleBox" id=5]

[resource]

Button/colors/font_color = Color( 0.0117647, 0.239216, 0.372549, 1 )
Button/colors/font_color_disabled = Color( 1, 0.780749, 0.780749, 1 )
Button/colors/font_color_hover = Color( 0.203922, 0.505882, 0.686275, 1 )
Button/colors/font_color_pressed = Color( 0.203922, 0.505882, 0.686275, 1 )
Button/constants/hseparation = 2
Button/fonts/font = null
Button/styles/disabled = ExtResource( 1 )
Button/styles/focus = ExtResource( 1 )
Button/styles/hover = ExtResource( 1 )
Button/styles/normal = ExtResource( 1 )
Button/styles/pressed = ExtResource( 1 )
GridContainer/constants/hseparation = 0
GridContainer/constants/vseparation = 0
HSeparator/constants/separation = 4
HSeparator/styles/separator = ExtResource( 2 )
Label/colors/font_color = Color( 0.0117647, 0.239216, 0.372549, 1 )
Label/colors/font_color_shadow = Color( 1, 1, 1, 0 )
Label/constants/line_spacing = 3
Label/constants/shadow_as_outline = 0
Label/constants/shadow_offset_x = 1
Label/constants/shadow_offset_y = 1
Label/fonts/font = null
Label/styles/normal = null
LineEdit/colors/cursor_color = Color( 0.0117647, 0.239216, 0.372549, 1 )
LineEdit/colors/font_color = Color( 0.0117647, 0.239216, 0.372549, 1 )
LineEdit/colors/font_color_selected = Color( 0.203922, 0.505882, 0.686275, 1 )
LineEdit/colors/selection_color = Color( 0.859375, 0.859375, 0.859375, 1 )
LineEdit/constants/minimum_spaces = 12
LineEdit/fonts/font = null
LineEdit/styles/focus = ExtResource( 3 )
LineEdit/styles/normal = ExtResource( 3 )
LineEdit/styles/read_only = ExtResource( 3 )
PopupMenu/colors/font_color = Color( 0.0117647, 0.239216, 0.372549, 1 )
PopupMenu/colors/font_color_accel = Color( 0.203922, 0.505882, 0.686275, 1 )
PopupMenu/colors/font_color_disabled = Color( 1, 0.780392, 0.780392, 1 )
PopupMenu/colors/font_color_hover = Color( 0.203922, 0.505882, 0.686275, 1 )
PopupMenu/constants/hseparation = 4
PopupMenu/constants/vseparation = 4
PopupMenu/fonts/font = null
PopupMenu/icons/checked = null
PopupMenu/icons/radio_checked = null
PopupMenu/icons/radio_unchecked = null
PopupMenu/icons/submenu = null
PopupMenu/icons/unchecked = null
PopupMenu/styles/hover = ExtResource( 4 )
PopupMenu/styles/panel = ExtResource( 4 )
PopupMenu/styles/panel_disabled = ExtResource( 4 )
PopupMenu/styles/separator = ExtResource( 4 )
RichTextLabel/colors/default_color = Color( 0.0117647, 0.239216, 0.372549, 1 )
RichTextLabel/colors/font_color_selected = Color( 0.0117647, 0.239216, 0.372549, 1 )
RichTextLabel/colors/selection_color = Color( 0.1, 0.1, 1, 0.8 )
RichTextLabel/constants/line_separation = 1
RichTextLabel/constants/table_hseparation = 3
RichTextLabel/constants/table_vseparation = 3
RichTextLabel/fonts/bold_font = null
RichTextLabel/fonts/bold_italics_font = null
RichTextLabel/fonts/italics_font = null
RichTextLabel/fonts/mono_font = null
RichTextLabel/fonts/normal_font = null
RichTextLabel/styles/focus = null
RichTextLabel/styles/normal = null
VSeparator/constants/separation = 4
VSeparator/styles/separator = ExtResource( 2 )
WindowDialog/colors/title_color = Color( 1, 1, 1, 1 )
WindowDialog/constants/close_h_ofs = 18
WindowDialog/constants/close_v_ofs = 18
WindowDialog/constants/scaleborder_size = 3
WindowDialog/constants/title_height = 20
WindowDialog/fonts/title_font = null
WindowDialog/icons/close = null
WindowDialog/icons/close_highlight = null
WindowDialog/styles/panel = ExtResource( 5 )
_sections_unfolded = [ "Button/colors", "Button/styles", "Dialogs", "Dialogs/constants", "GridContainer/constants", "HSeparator/constants", "HSeparator/styles", "LineEdit/colors", "LineEdit/styles", "Panel/styles", "PanelContainer/styles", "RichTextLabel", "RichTextLabel/colors", "TextEdit", "TextEdit/colors", "VSeparator", "VSeparator/constants", "VSeparator/styles", "WindowDialog/colors" ]

